<mx:record xmlns="http://www.w3.org/TR/xhtml1/strict" xmlns:mx="http://www.loc.gov/MARC21/slim" xmlns:xsi="http://www.w3.org/2001/XMLSchema-instance"><mx:leader>00000cz   2200000n  0000</mx:leader><mx:controlfield tag="001">oca03594341 </mx:controlfield><mx:controlfield tag="005">20060912164910.0</mx:controlfield><mx:controlfield tag="008">940426n| acannaab           |a aaa     c</mx:controlfield><mx:datafield ind1=" " ind2=" " tag="010"><mx:subfield code="a">nr 94013919</mx:subfield></mx:datafield><mx:datafield ind1=" " ind2=" " tag="040"><mx:subfield code="a">NjP</mx:subfield><mx:subfield code="c">NjP</mx:subfield><mx:subfield code="d">DLC</mx:subfield></mx:datafield><mx:datafield ind1="0" ind2=" " tag="100"><mx:subfield code="a">Chrysippus,</mx:subfield><mx:subfield code="d">ca. 280-207 or 6 B.C.</mx:subfield></mx:datafield><mx:datafield ind1="0" ind2=" " tag="400"><mx:subfield code="a">Crisippo,</mx:subfield><mx:subfield code="d">ca. 280-207 or 6 B.C.</mx:subfield></mx:datafield><mx:datafield ind1="0" ind2=" " tag="400"><mx:subfield code="a">Chrysippos,</mx:subfield><mx:subfield code="d">ca. 280-207 or 6 B.C.</mx:subfield></mx:datafield><mx:datafield ind1="0" ind2=" " tag="400"><mx:subfield code="a">Chrysippe,</mx:subfield><mx:subfield code="d">ca. 280-207 or 6 B.C.</mx:subfield></mx:datafield><mx:datafield ind1="0" ind2=" " tag="400"><mx:subfield code="a">Chrysippus,</mx:subfield><mx:subfield code="c">of Soli,</mx:subfield><mx:subfield code="d">ca. 280-207 or 6 B.C.</mx:subfield></mx:datafield><mx:datafield ind1=" " ind2=" " tag="670"><mx:subfield code="a">Crisippo, 1985:</mx:subfield><mx:subfield code="b">p. 99 (Chrysippou [in Greek]; Chrysippe)</mx:subfield></mx:datafield><mx:datafield ind1=" " ind2=" " tag="670"><mx:subfield code="a">Greek and Latin authors, 800 B.C.-A.D. 1000, 1980</mx:subfield><mx:subfield code="b">(Chrysippus, Greek philosopher, b. ca. 280, d. 207/6 B.C.)</mx:subfield></mx:datafield><mx:datafield ind1=" " ind2=" " tag="670"><mx:subfield code="a">Chrysippus&amp;#039; On affections, 2003:</mx:subfield><mx:subfield code="b">CIP front matter (Chrysippus of Soli, c. 280-204 BCE)</mx:subfield></mx:datafield><mx:datafield ind1=" " ind2=" " tag="670"><mx:subfield code="a">Enkykl. Papyros Larous Britannika, c1994</mx:subfield><mx:subfield code="b">(hdg.: Chrysippos, stoic philosopher of the 3rd cent. B.C., 280-207 B.C.)</mx:subfield></mx:datafield><mx:datafield ind1=" " ind2=" " tag="675"><mx:subfield code="a">Meg. Hellēn. enky.</mx:subfield></mx:datafield><mx:datafield ind1=" " ind2=" " tag="999"><mx:subfield code="a">826</mx:subfield></mx:datafield></mx:record>